<?xml version="1.0" encoding="UTF-8"?>
<record xmlns="http://www.loc.gov/MARC21/slim">
  <leader>01433cam a2200385 a 4500</leader>
  <controlfield tag="001">cihm_03579</controlfield>
  <controlfield tag="003">CaSfIA</controlfield>
  <controlfield tag="005">20151008010651.0</controlfield>
  <controlfield tag="007">cr||||||||||||</controlfield>
  <controlfield tag="008">810727s1879    gw abf  b     000 0 ger d</controlfield>
  <datafield tag="010" ind1=" " ind2=" ">
    <subfield code="a">nuc87353378</subfield>
  </datafield>
  <datafield tag="020" ind1=" " ind2=" ">
    <subfield code="a">0665035799</subfield>
  </datafield>
  <datafield tag="035" ind1=" " ind2=" ">
    <subfield code="a">(Sirsi) AOP-6835</subfield>
  </datafield>
  <datafield tag="035" ind1=" " ind2=" ">
    <subfield code="a">(OCoLC)ocm07618867</subfield>
  </datafield>
  <datafield tag="035" ind1=" " ind2=" ">
    <subfield code="f">OCLC</subfield>
  </datafield>
  <datafield tag="035" ind1="0" ind2="0">
    <subfield code="i">BIBBIN/ABC-8904/RSO</subfield>
  </datafield>
  <datafield tag="037" ind1=" " ind2=" ">
    <subfield code="a">CL0070000001</subfield>
    <subfield code="b">University Microfilms International</subfield>
  </datafield>
  <datafield tag="040" ind1=" " ind2=" ">
    <subfield code="a">UnM</subfield>
    <subfield code="c">UMI</subfield>
    <subfield code="d">EEU</subfield>
    <subfield code="d">RQM</subfield>
    <subfield code="d">OCL</subfield>
    <subfield code="d">B2Q</subfield>
    <subfield code="d">AEU</subfield>
    <subfield code="d">CaSfIA</subfield>
  </datafield>
  <datafield tag="043" ind1=" " ind2=" ">
    <subfield code="a">r------</subfield>
  </datafield>
  <datafield tag="050" ind1="1" ind2="0">
    <subfield code="a">G670 1871</subfield>
    <subfield code="b">.P72</subfield>
  </datafield>
  <datafield tag="050" ind1="1" ind2="4">
    <subfield code="a">G630.A5</subfield>
    <subfield code="b">B47</subfield>
  </datafield>
  <datafield tag="082" ind1="0" ind2="4">
    <subfield code="a">910.091632</subfield>
  </datafield>
  <datafield tag="090" ind1=" " ind2=" ">
    <subfield code="a">E 99 E7 A678 no.013</subfield>
    <subfield code="b">AEU</subfield>
  </datafield>
  <datafield tag="100" ind1="1" ind2=" ">
    <subfield code="a">Bessels, Emil,</subfield>
    <subfield code="d">1847-1888.</subfield>
  </datafield>
  <datafield tag="245" ind1="1" ind2="4">
    <subfield code="a">Die amerikanische Nordpol-Expedition</subfield>
    <subfield code="h">[electronic resource] </subfield>
    <subfield code="b">mit zahlreichen Illustrationen in Holzchnitt, Diagrammen und einer Karte in Farbendruck /</subfield>
    <subfield code="c">von Emil Bessels.</subfield>
  </datafield>
  <datafield tag="260" ind1=" " ind2=" ">
    <subfield code="a">Leipzig [Germany] :</subfield>
    <subfield code="b">Engelmann,</subfield>
    <subfield code="c">1879.</subfield>
  </datafield>
  <datafield tag="300" ind1=" " ind2=" ">
    <subfield code="a">xx, 647, [1] p., plates :</subfield>
    <subfield code="b">ill., 1 map ;</subfield>
    <subfield code="c">25 cm.</subfield>
  </datafield>
  <datafield tag="533" ind1=" " ind2=" ">
    <subfield code="a">Microfiche.</subfield>
    <subfield code="b">Zug, Switzerland :</subfield>
    <subfield code="c">Inter Documentation Company,</subfield>
    <subfield code="d">196-?].</subfield>
    <subfield code="e">12 microfiches : positive ; 9 x 12 cm.</subfield>
    <subfield code="f">(Arctica ; no. 13)</subfield>
  </datafield>
  <datafield tag="651" ind1=" " ind2="0">
    <subfield code="a">North Pole</subfield>
    <subfield code="x">Exploring expeditions.</subfield>
  </datafield>
  <datafield tag="651" ind1=" " ind2="0">
    <subfield code="a">Arctic regions.</subfield>
  </datafield>
  <datafield tag="776" ind1="1" ind2=" ">
    <subfield code="c">Original</subfield>
    <subfield code="w">(DLC)   05039710</subfield>
  </datafield>
  <datafield tag="830" ind1=" " ind2="0">
    <subfield code="a">Arctica ;</subfield>
    <subfield code="v">no. 13.</subfield>
  </datafield>
  <datafield tag="830" ind1=" " ind2="0">
    <subfield code="a">CIHM/ICMH microfiche series ;</subfield>
    <subfield code="v">no. 03579.</subfield>
  </datafield>
  <datafield tag="596" ind1=" " ind2=" ">
    <subfield code="a">48</subfield>
  </datafield>
  <datafield tag="856" ind1="4" ind2="1">
    <subfield code="u">http://archive.org/details/cihm_03579</subfield>
    <subfield code="z">Free eBook from the Internet Archive</subfield>
  </datafield>
  <datafield tag="856" ind1="4" ind2="2">
    <subfield code="u">http://www.openlibrary.org/books/OL23345546M</subfield>
    <subfield code="z">Additional information and access via Open Library</subfield>
  </datafield>
</record>
